@INPROCEEDINGS{Macke_2009,
  author = {Macke, Jakob and Gerwinn, Sebastian and White, Leonard and Kaschube,
	Matthias and Bethge, Matthias},
  title = {{B}ayesian estimation of orientation preference maps},
  booktitle = {Advances in Neural Information Processing Systems},
  year = {2009},
  pages = {1195--1203},
  citeulike-article-id = {8352393},
  posted-at = {2010-12-03 15:24:18},
  priority = {0}
}

@ARTICLE{Ohki_2006,
  author = {Ohki, Kenichi and Chung, Sooyoung and Kara, Prakash and Hubener,
	Mark and Bonhoeffer, Tobias and Reid, R. Clay},
  title = {{Highly ordered arrangement of single neurons in orientation pinwheels}},
  journal = {Nature},
  year = {2006},
  volume = {442},
  pages = {925--928},
  number = {24},
  url = {http://dx.doi.org/10.1038/nature05019}
}

@INPROCEEDINGS{Smith_2012,
  author = {C. Smith and F. Wood and L. Paninski},
  title = {Low rank continuous-space graphical models},
  booktitle = {Proc. 15th Intl. Conf. on Artificial Intelligence and Statistics
	(AISTATS)},
  year = {2012},
  pages = {1064--1072}
}

@ARTICLE{Berens_2009,
  author = {Philipp Berens},
  title = {Circ{S}tat: A {MATLAB} Toolbox for Circular Statistics},
  journal = {Journal of Statistical Software},
  year = {2009},
  volume = {31},
  pages = {1--21},
  number = {10},
  month = {9},
  accepted = {2009-08-26},
  bibdate = {2009-08-26},
  coden = {JSSOBK},
  day = {23},
  issn = {1548-7660},
  submitted = {2009-07-27},
  url = {http://www.jstatsoft.org/v31/i10}
}

@ARTICLE{Best_1979,
  author = {Best, D. J. and Fisher, N. I.},
  title = {Efficient Simulation of the von {M}ises Distribution},
  journal = {Journal of the Royal Statistical Society. Series C (Applied Statistics)},
  year = {1979},
  volume = {28},
  number = {2},
  abstract = {{An algorithm is given to simulate samples from the von Mises distribution.
	A wrapped Cauchy density is used as an envelope to give an acceptance-rejection
	method which is both simple to program and fast for all values of
	the concentration parameter of the von Mises distribution.}},
  citeulike-article-id = {8822874},
  citeulike-linkout-0 = {http://dx.doi.org/10.2307/2346732},
  citeulike-linkout-1 = {http://www.jstor.org/stable/2346732},
  doi = {10.2307/2346732},
  issn = {00359254},
  keywords = {distribution, simulation, von\_mises},
  posted-at = {2011-02-15 13:00:26},
  priority = {2},
  publisher = {Blackwell Publishing for the Royal Statistical Society},
  url = {http://dx.doi.org/10.2307/2346732}
}

